
% article
% Required fields: author, title, journal, year.
% Optional fields: volume, number, pages, month, note.
@article{transnp,
author = {Caterina Marchioretti, Samuel Valentini, Alessandra Bisio, Annalisa Rossi, Allessandro Romanel, Alberto Inga},
title = "{TransSNP: a new class of functional SNPs that affect mRNA translation potential revealed by frac-seq-based allelic imbalance}",
journal = {Submitted},
year = {2021},
}

@article{trimmomatic,
  author = {Bolger, Anthony M. and Lohse, Marc and Usadel, Bjoern},
  title = "{Trimmomatic: a flexible trimmer for Illumina sequence data}",
  journal = {Bioinformatics},
  volume = {30},
  number = {15},
  pages = {2114-2120},
  year = {2014},
  month = {04},
  issn = {1367-4803},
  doi = {10.1093/bioinformatics/btu170},
  url = {https://doi.org/10.1093/bioinformatics/btu170},
  eprint = {https://academic.oup.com/bioinformatics/article-pdf/30/15/2114/17143152/btu170.pdf}
}

@article{star,
    author = {Dobin, Alexander and Davis, Carrie A. and Schlesinger, Felix and Drenkow, Jorg and Zaleski, Chris and Jha, Sonali and Batut, Philippe and Chaisson, Mark and Gingeras, Thomas R.},
    title = "{STAR: ultrafast universal RNA-seq aligner}",
    journal = {Bioinformatics},
    volume = {29},
    number = {1},
    pages = {15-21},
    year = {2012},
    month = {10},
    issn = {1367-4803},
    doi = {10.1093/bioinformatics/bts635},
    url = {https://doi.org/10.1093/bioinformatics/bts635},
    eprint = {https://academic.oup.com/bioinformatics/article-pdf/29/1/15/17101697/bts635.pdf},
}

@article{ase_pipeline,
  title = {Allele-specific expressione analysis in cancer using next-generation sequencing data},
  author = {Alessandro Romanel},
  journal = {Krasnitz A. (eds) Cancer Bioinformatics. Methods in Molecular Biology},
  volume = {1878},
  year = {2019},
  pages = {125-137}
}

@article{aseq,
  title={ASEQ: fast allele-specific studies from next-generation sequencing data},
  author={Alessandro Romanel and Sara Lago and D. Prandi and A. Sboner and F. Demichelis},
  journal={BMC Medical Genomics},
  year={2015},
  volume={8}
}

@article{parallel,
 title = {GNU Parallel - The Command-Line Power Tool},
 author = {O. Tange},
 address = {Frederiksberg, Denmark},
 journal = {;login: The USENIX Magazine},
 month = {Feb},
 number = {1},
 volume = {36},
 url = {http://www.gnu.org/s/parallel},
 year = {2011},
 pages = {42-47}
}

% website
% as misc
% Required fields: none.
% Optional fields: author, title, howpublished, month, year, note.
@misc{samtools,
  title = {Samtools},
  howpublished = {http://www.htslib.org/},
  note = {ultimo accesso 01/08/2021}
}

@misc{samtools-index,
  title = {Documentazione per samtools index},
  howpublished = {http://www.htslib.org/doc/samtools-index.html},
  note = {ultimo accesso 01/08/2021}
}

@misc{samtools-sort,
  title = {Documentazione per samtools sort},
  howpublished = {http://www.htslib.org/doc/samtools-sort.html},
  note = {ultimo accesso 01/08/2021}
}

@misc{picard,
  title = {Picard},
  howpublished = {https://broadinstitute.github.io/picard/},
  note = {ultimo accesso 01/08/2021}
}

@misc{gatk,
  title = {Gatk},
  howpublished = {https://gatk.broadinstitute.org},
  note = {ultimo accesso 01/08/2021}
}

@misc{addorreplacegroup,
  title = {AddOrReplaceReadGroups},
  howpublished = {https://gatk.broadinstitute.org/hc/en-us/articles/360057440331-AddOrReplaceReadGroups-Picard-},
  note = {ultimo accesso 06/08/2021}
}

@misc{dedup,
  title = {MarkDuplicates},
  howpublished = {https://gatk.broadinstitute.org/hc/en-us/articles/360057439771-MarkDuplicates-Picard-},
  note = {ultimo accesso 06/08/2021}
}

@misc{indelrealign,
  title = {Indel realignment},
  howpublished = {https://github.com/broadinstitute/gatk-docs/blob/master/gatk3-tutorials/(howto)\_Perform\_local\_realignment\_around\_indels.md},
  note = {ultimo accesso 06/08/2021}
}

@misc{bqsr,
  title = {Base quality score recalibration},
  howpublished = {https://gatk.broadinstitute.org/hc/en-us/articles/360035890531-Base-Quality-Score-Recalibration-BQSR-},
  note = {ultimo accesso 06/08/2021}
}

@misc{splitncigarreads,
  title = {SplitNCigarReads},
  howpublished = {https://gatk.broadinstitute.org/hc/en-us/articles/360036734471-SplitNCigarReads},
  note = {ultimo accesso 06/08/2021}
}

@misc{baserecalibrator,
  title = {BaseRecalibrator},
  howpublished = {https://gatk.broadinstitute.org/hc/en-us/articles/360036898312-BaseRecalibrator},
  note = {ultimo accesso 06/08/2021}
}

@misc{printreads,
  title = {PrintReads},
  howpublished = {https://gatk.broadinstitute.org/hc/en-us/articles/360036883571-PrintReads},
  note = {ultimo accesso 06/08/2021}
}

@misc{bedtools,
  title = {Bedtools},
  howpublished = {https://bedtools.readthedocs.io/en/latest/},
  note = {ultimo accesso 06/08/2021}
}

@misc{bedtoolsintersect,
  title = {Bedtools intersect},
  howpublished = {https://bedtools.readthedocs.io/en/latest/content/tools/intersect.html},
  note = {ultimo accesso 06/08/2021}
}
